<?xml version="1.0" encoding="UTF-8"?><record xmlns="http://www.loc.gov/MARC21/slim" xmlns:cinclude="http://apache.org/cocoon/include/1.0" xmlns:zs="http://www.loc.gov/zing/srw/">
  <leader>00714cz  a2200193n  4500</leader>
  <controlfield tag="001">n  88283352 </controlfield>
  <controlfield tag="003">DLC</controlfield>
  <controlfield tag="005">20160920173437.0</controlfield>
  <controlfield tag="008">891006n| azannaab           |a aaa      </controlfield>
  <datafield tag="010" ind1=" " ind2=" ">
    <subfield code="a">n  88283352 </subfield>
  </datafield>
  <datafield tag="040" ind1=" " ind2=" ">
    <subfield code="a">DLC</subfield>
    <subfield code="b">eng</subfield>
    <subfield code="c">DLC</subfield>
    <subfield code="e">rda</subfield>
    <subfield code="d">DLC</subfield>
  </datafield>
  <datafield tag="046" ind1=" " ind2=" ">
    <subfield code="f">1932</subfield>
    <subfield code="2">edtf</subfield>
  </datafield>
  <datafield tag="100" ind1="1" ind2=" ">
    <subfield code="a">Hwang, Kyu-Baik,</subfield>
    <subfield code="d">1932-</subfield>
  </datafield>
  <datafield tag="400" ind1="1" ind2=" ">
    <subfield code="a">Hwang, K. B.</subfield>
    <subfield code="q">(Kyu-Baik),</subfield>
    <subfield code="d">1932-</subfield>
  </datafield>
  <datafield tag="400" ind1="1" ind2=" ">
    <subfield code="a">Hwang, Kyu-baek,</subfield>
    <subfield code="d">1932-</subfield>
  </datafield>
  <datafield tag="400" ind1="1" ind2=" ">
    <subfield code="a">황규백,</subfield>
    <subfield code="d">1932-</subfield>
  </datafield>
  <datafield tag="667" ind1=" " ind2=" ">
    <subfield code="a">Non-Latin script reference not evaluated.</subfield>
  </datafield>
  <datafield tag="670" ind1=" " ind2=" ">
    <subfield code="a">His K.B. Hwang, complete prints, 1968-1988, c1989:</subfield>
    <subfield code="b">CIP forew., etc. (Kyu-Baik Hwang; b. 1932 in Busan, Korea)</subfield>
  </datafield>
  <datafield tag="670" ind1=" " ind2=" ">
    <subfield code="a">Hwang Kyu-baek, 2015:</subfield>
    <subfield code="b">t.p. (황규백 = Hwang Kyu-baek = Hwang Kyu-Baik) author bio. (b. 1932 in Pusan)</subfield>
  </datafield>
</record>